<?xml version="1.0" encoding="UTF-8"?><collection xmlns="http://www.loc.gov/MARC21/slim"><record><leader>00471nam--2200133-i-4500</leader><controlfield tag="001">000039211</controlfield><controlfield tag="002">20161230</controlfield><controlfield tag="005">20161230201042</controlfield><controlfield tag="008">060222s1000------------r-----000-0-eng-d</controlfield><datafield ind1=" " ind2=" " tag="100"><subfield code="a">Robertson, J.S., Stickley, E.E., Farr, L.E</subfield></datafield><datafield ind1=" " ind2=" " tag="245"><subfield code="a">Uses of nuclear reactors in medical and biological research</subfield></datafield><datafield ind1=" " ind2=" " tag="260"><subfield code="a">Upton, Medical Research Center, 1961, 9p.+ Reference</subfield></datafield><datafield ind1=" " ind2=" " tag="490"><subfield code="a">Symposium On The Programming And Utilization Of Research Reactors, Vienna, 1961</subfield></datafield><datafield ind1=" " ind2=" " tag="852"><subfield code="a">16896</subfield></datafield></record></collection>